<?xml version="1.0" encoding="UTF-8"?><collection xmlns="http://www.loc.gov/MARC21/slim"><record><leader>00365nam--2200121-i-4500</leader><controlfield tag="001">000040690</controlfield><controlfield tag="002">20161230</controlfield><controlfield tag="005">20161230201042</controlfield><controlfield tag="008">060222s1000------------r-----000-0-eng-d</controlfield><datafield ind1=" " ind2=" " tag="100"><subfield code="a">Schroder,Heinrich</subfield></datafield><datafield ind1=" " ind2=" " tag="245"><subfield code="a">Elektrische nachrichtentechnik. bd.1.grundlagen. theorie und berechnung</subfield></datafield><datafield ind1=" " ind2=" " tag="260"><subfield code="a">Berlin, Verlag Fur Radiio-foto-kinotechnik, 1959. 650 P</subfield></datafield><datafield ind1=" " ind2=" " tag="852"><subfield code="a">16523</subfield></datafield></record></collection>